2700 4724
374 181 819 263 666166066
1113 180 1160 245 .ε
1244 195 1249 203 ·

213 349 247 364 ”
321 354 343 435 ζ
394 387 820 447 Μιευυειιι
1054 404 1058 413 -
1164 368 1243 442 64

57 588 81 625 ῃ
124 553 126 556 ’
148 549 265 618 Τούτου
286 551 389 617 τοίνυν
415 560 474 618 τοῦ
493 549 656 634 ίλέφαντίς
681 554 742 618 ἐστι
762 554 855 619 πλέον
884 547 908 633 ή
927 549 1090 628 τάλαντον,
1121 546 1159 615 δν

50 649 129 735 Ιοίίτε
150 650 246 719 αύτίν
269 649 340 720 666-
355 652 388 720 τί
417 658 506 741 ἔργον.
527 681 581 737 μοι
600 650 845 737 ἀποφαίνουσιν,
877 650 950 720 ἀλλά
977 654 1028 718 καί
1048 657 1158 718 τοῦτον

42 752 161 834 ίίρδην
180 736 375 835 ἀφανίίουσιν
391 754 480 822 1ὅλον.
510 761 551 824 ἔτι
572 762 694 836 τοίνυν,
715 747 741 822 τί
761 753 872 840 ἀνδρες
893 756 1047 829 δικασταί,
1071 753 1188 834 παράῦ

61 851 117 918 τόν
132 848 240 939 λόγον,
271 855 307 923 66
329 855 559 941 ἀποφέρουσιν,
592 861 622 936 ἐξ
644 852 687 924 ῶν
709 854 797 923 αῦτοί
819 863 922 939 λαβεῖν
945 852 1156 939 ὁμολογοῦσιν,

58 954 290 1040 ἕπιδείξοούμῖν
311 972 389 1042 τρεῖς
410 962 464 1043 μίν
488 959 579 1033 ίίντας
604 953 715 1032 αύτούς
735 956 825 1022 πλέον
845 953 960 1038 ήίιιτῶ
980 955 1109 1022 τάλαντα
1127 959 1172 1023 ἰιι,

56 1065 118 1121 τῶν
130 1059 209 1140 ἐμῶν
231 1063 371 1143 ἔχοντες,
396 1066 461 1147 ἰδίᾳ
482 1055 561 1145 δ”,ίιι
582 1056 698 1123 τούτων
710 1054 860 1140 ’Ἄφοβον
873 1062 942 1140 τρία
960 1054 1091 1123 τάλαντα
1110 1060 1162 1123 καί

55 1164 153 1240 χιλίας
174 1159 339 1245 εἰληφότα,
370 1157 459 1252 τάπ’
489 1158 665 1242 ἀναλωμίνα
684 1162 775 1246 χωρίς
798 1147 914 1224 τούτων
934 1164 1027 1227 πλείω
1059 1159 1157 1236 τιθείς
1174 1175 1208 1230 10

55 1264 107 1326 καί
130 1260 189 1327 666
213 1266 246 1326 ἐκ
267 1256 382 1330 τούτων
404 1260 554 1329 ἀπέδοσαν
574 1258 735 1348 ἀφαιρῶν,
753 1265 807 1331 ,ἵν’
829 1266 945 1342 είδήτε,
978 1259 1025 1329 ὅτι
1056 1255 1093 1328 ού
1115 1288 1163 1343 μι·

15 1433 18 1438 ,
57 1371 139 1444 κρῦς
161 1355 314 1436 ἀναιδείας
340 1362 375 1428 τοί
397 1363 582 1450 ἐγχειρήματ’
612 1361 713 1430 αῦτῶν
734 1367 805 1431 ἐστι.
843 1369 943 1448 λαβεῖν
964 1363 1023 1449 γάρ
1042 1367 1079 1455 ίκ
1099 1370 1162 1430 τῶν

60 1465 143 1545 ἐμῶν
164 1461 375 1548 ὁμολογοῦσιν,
395 1459 499 1544 ὀὗτος
518 1468 573 1551 μέν
597 1461 678 1534 ἀκταί
698 1469 750 1533 καί
770 1465 879 1534 ἕκατδν
899 1475 977 1550 μνῦς
1003 1468 1095 1550 γοιρίς
1116 1458 1161 1548 ῶν

56 1566 155 1647 δήσατ’
183 1559 276 1631 αῦτδν
297 1563 354 1651 έγῶ
384 1569 522 1646 ἐπιδείξω
548 1577 626 1648 νῦν,
660 1574 853 1654 θηριππίδιγς
874 1571 907 1635 δέ
936 1567 993 1636 δύο
1014 1566 1154 1648 τάλαντα,
1171 1571 1205 1628 1⁵

57 1673 222 1750 Δημοφῶν
251 1670 279 1733 δ’
301 1664 374 1732 ίπτά
395 1671 446 1734 καί
477 1666 665 1757 ἀγδοήκοντα
686 1680 775 1755 μοῖς.
809 1679 900 1739 τοῦτο
922 1673 955 1738 δέ
983 1674 1047 1738 ίστι
1072 1673 1160 1738 πέντε
1183 1686 1188 1692 ’

55 1772 188 1841 τάλαντα
202 1772 255 1836 και
274 1775 481 1837 πεντεκαίδεκα
498 1783 581 1857 μναῖ.
603 1773 715 1840 τούτου
731 1779 843 1840 τοίνυν
858 1771 943 1856 δμέν
965 1768 1024 1840 οῦκ
1039 1768 1160 1857 ἀθρόου

56 1875 199 1958 ἐλήφθη,
229 1872 332 1956 σχεδόν
360 1878 434 1940 εἰσιν
455 1872 665 1959 ἑβδομήκοντα
686 1886 761 1958 μναῖ
784 1880 870 1943 καλέ
855 1876 946 1955 ίπτά,
967 1864 1160 1960 ήπρῦσοδος

56 1973 163 2078 ήάπδ
183 1983 252 2042 τῶν
249 1970 478 2056 ἀνδραπόδων
510 1975 578 2043 66'
592 1974 687 2054 εῦθῦς
707 1967 877 2062 ἰλαβον
839 2005 940 2054 ουτοι,
962 2001 1072 2060 μικρον
1059 1978 1157 2042 δίον
1172 1982 1209 2034 2⁰

58 2082 182 2161 τέτταρα
203 2073 347 2141 τύλαυτα
378 2074 425 2152 οἷς
444 2078 479 2142 τί
501 2075 632 2162 ἔργον
611 2105 649 2142 αν
672 2087 828 2160 προσθῆτε
849 2081 898 2159 ἰπὶ
920 2084 1039 2162 δραχμή
1066 2074 1162 2158 μόνον

56 2189 118 2246 τῶν
141 2180 248 2244 δένα’
233 2184 339 2257 ετῶν,’
358 2175 437 2243 ἀυτῶ
458 2176 588 2244 τάλαντα
610 2175 752 2263 ε’ύρήσετε
774 2181 830 2303 σύγ
860 2189 923 2256 τοῖς
944 2173 1083 2264 ἀρχαίοις
1109 2179 1164 2244 καί

57 2286 152 2367 χιλίας
165 2281 351 2366 γιγνομένας.
376 2278 437 2362 τήν
458 2283 511 2363 μὲν
531 2284 636 2348 τοίνυν
656 2307 778 2366 τροφην
794 2276 855 2349 ἀπδ
876 2289 936 2348 τῶν
950 2277 1158 2366 ἑβδομήκοντα
1173 2286 1208 2347 6

58 2388 110 2450 666
131 2380 205 2448 έπτά
226 2389 311 2464 μνῶν
332 2385 485 2479 λογιστίου
506 2389 566 2448 τῶν
589 2378 649 2449 ἀπό
670 2393 729 2450 τοῦ
738 2386 945 2471 ἐργαστηρίου
962 2383 1161 2470 γιγνομένων·
1303 2380 1306 2385 ’

49 2483 256 2570 Θηριππίδης
284 2482 341 2573 γάρ
362 2476 437 2550 έπτοί
464 2493 542 2566 μνῦς
571 2490 692 2554 ἐδίδου
700 2488 818 2553 καθ)”
801 2507 925 2552 εκαστον
952 2483 1091 2551 ίνιαυτδυ
1120 2488 1163 2560 εἰς

58 2595 173 2668 ταῦτα,
193 2583 286 2678 καί
264 2611 351 2669 ημεις
363 2612 454 2653 τουτο
477 2581 807 2674 λαβεῖνίμολογοῦμεν.
840 2585 930 2665 ὥστε,
953 2585 1162 2669 ἑβδομήκοντα

59 2699 140 2776 μυῦς
160 2694 193 2758 ἐν
213 2694 277 2766 τοῖς
303 2689 375 2754 δέκα
396 2672 489 2754 ίτεσιν
512 2694 555 2767 εἰς
574 2688 696 2776 τροφήν
716 2689 832 2756 τούτων
853 2686 926 2772 ἡμῖν
947 2684 1158 2770 ἀνηλωκότων,
1171 2679 1245 2756 825

58 2794 92 2861 τδ
115 2791 224 2877 περιόν
245 2789 299 2864 τδς
320 2793 499 2866 ἑπτακοσίας
519 2795 705 2874 προστίθημι
728 2787 845 2869 αὐτοῖς,
877 2793 928 2854 καί
949 2787 1046 2875 τούτῳ
1068 2793 1160 2854 πλείω

60 2898 121 3016 εἰμί
142 2888 294 2971 τεθεικώς.
332 2890 349 2957 6
370 2893 403 2958 δέ
423 2917 476 2974 μοι
497 2890 710 3014 δοκιμασθέντι
728 2895 919 3016 παρέδοσαν,
949 2892 1000 2953 καί
1022 2887 1096 2956 ίίσον
1121 2892 1165 2969 εἰς

59 2998 115 3080 τήν
132 2992 226 3061 πόλιν
241 2991 466 3077 είσενηηύγασι,
488 2998 579 3058 τοῦτο
601 2988 662 3058 ἀπδ
684 2986 837 3059 τῶνόκτοί
858 2990 1009 3057 ταλοίνταν
1032 2993 1082 3058 καί
1103 2997 1192 3059 τοῦῦ

59 3093 231 3184 προσόντος
264 3092 446 3181 ἀφαιρετέον
471 3097 562 3160 ἐστίν.
604 3091 756 3161 ἀπέδοσαν
786 3098 840 3179 μὲν
863 3097 966 3162 τοίνυν
994 3088 1084 3170 ούτος
1110 3096 1163 3160 καί

63 3201 255 3284 Θηριππίδης
271 3201 343 3279 μίαν
364 3199 416 3263 καί
435 3194 598 3282 τριάκοντα
617 3204 705 3279 μνῦς,
730 3196 878 3280 είσφορας
894 3194 921 3262 6
943 3200 1163 3287 εἰσενηνοχέναι

57 3308 228 3388 λογίζονται
249 3305 336 3370 δυοῖν
365 3294 504 3374 δεούσας
518 3289 614 3364 είκοσι
643 3305 740 3381 μναῖς·
772 3299 829 3384 ίγοί
862 3303 891 3365 δ’
912 3294 1090 3383 ὑπερβολῶν
1111 3303 1163 3367 καί

57 3412 149 3469 τοῦτο
172 3399 290 3482 ποιήσω
317 3396 478 3487 τριάκοντα
499 3408 594 3483 μναῖς,
621 3405 674 3472 ίνα
694 3401 793 3485 πρδς
792 3407 885 3494 ταῦτα
914 3400 1026 3484 μηδ”
1006 3410 1158 3469 ἀντειπεῖν
1175 3417 1211 3471 10
1254 3439 1269 3458 ·

49 3511 175 3589 ἔχωσιν.
213 3500 343 3581 οῦκοῦν,
374 3499 422 3567 ἀν
436 3497 625 3601 ἀφέλητε
593 3517 627 3569 το
648 3502 792 3569 τάλαντον
822 3499 883 3568 ἀπδ
912 3509 972 3570 τῶν
1003 3502 1082 3570 ἀκτῶ
1111 3530 1162 3570 τοι·

55 3607 195 3685 λύντων,
216 3603 297 3677 ἕπτίι
317 3602 354 3670 τά
383 3587 546 3698 λειπόμενά
570 3607 648 3672 ίστι
679 3608 741 3672 καί
750 3599 832 3670 ταῦτ’
861 3596 939 3683 ἐξ
913 3631 957 3671 οιν
980 3603 1109 3673 αῦτολ
1090 3629 1163 3688 ομο«

54 3719 185 3837 λογοῦσι
205 3713 308 3792 λαβεῖν
330 3703 459 3781 τούτους
479 3709 554 3788 ἔχειν
576 3702 696 3771 ἐστίν’
676 3714 849 3828 τρναγκαῖον.
879 3715 970 3773 τοῦτο
993 3693 1111 3783 τοίνυν,
1136 3713 1166 3776 τί

52 3815 111 3877 καί
132 3810 223 3876 τάλλα
247 3805 347 3873 πάντα
364 3803 584 3890 ἀποστεροῦσιν
604 3803 788 3891 ἀρνούμενοι
809 3834 849 3889 μη
839 3803 975 3911 ἔχειν,
992 3804 1161 3874 ἀποδοῦναι
1176 3822 1228 3879 15
1269 3875 1272 3883 A

56 3920 237 4001 προσεῖπεν,
265 3907 488 3995 ὁμολογοῦντύς
510 3935 543 3993 γε
565 3915 666 3994 λαβεῖν
686 3916 779 3974 ταῦτα
803 3912 836 3974 ἐκ
856 3931 917 3974 τῶν
939 3912 1028 3992 ἐμῶν
1051 3913 1108 3975 νῦν
1130 3911 1205 3976 δὲ

55 4018 92 4077 τί
111 4020 276 4090 ποιοῦσινς
298 4014 384 4135 ἔργον
406 3996 459 4093 μίν
482 4006 569 4076 οῦδὲν
573 4006 798 4094 ἀποφαίνουσι
819 4008 882 4087 τοῖς
896 4008 1062 4094 χρήμασιν,
1086 4005 1164 4075 αύτά
1207 4004 1211 4016 ’

64 4114 146 4179 δὲ
115 4143 149 4180 τα
172 4110 281 4201 ἀρχαῖα
301 4111 400 4177 πάντα
427 4108 616 4180 ἀναλωκέναι
638 4116 714 4194 φασί
736 4113 793 4180 σύν
814 4123 879 4186 ταῖς
907 4105 982 4173 ἓπτά
1003 4111 1055 4175 καί
1077 4111 1165 4192 ἕβδο-

64 4210 195 4296 μήκοντα
215 4224 314 4313 μναῖς,
332 4222 493 4301 Δημοφῶν
515 4217 547 4287 δὲ
567 4242 620 4284 και
608 4218 895 4300 προσοφείλοντας
910 4201 1159 4304 ήμῶςένίγραψε.
1176 4210 1239 4276 26
1259 4226 1264 4232 ’
