2700 4724
375 199 517 261 ανον
539 199 846 263 Ακαακειεα.
972 244 988 283 x
1100 180 1160 262 ιιι

61 358 138 436 τούς
159 360 297 438 οἰκείους.
314 365 479 446 διαφοραῖς
495 352 643 440 ’π’δλλάκις
663 371 905 446 φιλονεικοιῖῖτες
924 367 1069 447 ποῖητούς
1083 368 1160 442 υῖεῖς
1189 376 1192 385 ’

58 469 231 528 ποιοῦνται.
260 468 288 529 εἰ
309 461 342 530 δ’
365 467 446 530 ἐσται
466 471 509 552 τῷ
530 467 732 548 εἰσποιηθέντι
752 463 836 548 παρά
854 461 909 530 τόν
929 463 1025 545 νόμον
1045 470 1158 534 ελσποιι
1263 456 1270 467 “

58 570 104 630 εῖν
133 562 170 629 ὃν
200 560 243 628 δίν
261 561 423 647 βούληται,
456 561 602 634 οὐδέποτε
620 575 683 642 τοῖς
702 569 820 652 γένεσιν
842 571 876 632 αί
893 571 1089 649 κληρονομίαι
1108 572 1160 636 δο-

58 660 221 745 θήσονται.
257 663 279 729 οἳ
307 669 357 731 καί
385 669 572 752 προνοηθείς
599 663 618 735 6
648 672 819 752 νομοθέτης
847 664 955 735 άπεῖπε
975 671 1020 752 τῷ
1039 674 1156 760 ποιητρῖ
1171 676 1206 736 15

59 760 146 855 αύτῷ
168 766 235 833 όντι
256 766 382 849 ποιητδν
403 767 473 835 υἱόν
494 766 536 852 μὴ
559 779 722 836 ποιεῖσθαι.
745 774 813 836 τίνα
823 769 938 856 τρόπον
953 769 1091 852 διορίσας
1105 794 1158 836 τιε-

56 871 106 951 -ρλι
120 865 257 941 τούτοινε
290 864 361 934 ὅταν
391 873 477 953 είπη,
498 869 571 936 υίόυ
591 869 718 955 γνήσιον
739 869 973 960 ἐγκαταλιπόντα
994 870 1158 949 ίπανιίναι,

60 974 152 1051 δηλοῖ
177 969 277 1052 δήπου
308 978 466 1055 φανεροῖς,
499 968 545 1034 ότι
575 968 612 1035 οό
642 976 689 1035 δεῖ
714 979 890 1034 ποιεῖσθαι·
922 967 1072 1036 άδύνατον
1100 970 1159 1055 γάρ

59 1073 141 1139 ἐστιν
161 1069 230 1138 υίόν
252 1068 381 1157 γνήσιον
405 1073 627 1152 ἐγκαταλιπεῖν,
651 1069 704 1134 ἰόν
725 1068 767 1149 μὴ
787 1065 869 1157 γόνῳ
890 1068 1023 1155 γεγονός
1042 1062 1064 1156 ᾗ
1084 1075 1153 1137 τινί.
1170 1082 1207 1136 2⁰

60 1171 99 1241 σι)
113 1179 236 1251 τοίνυν,
260 1166 492 1258 άΛεάιστρατε,
516 1163 611 1246 άξιοῖς
630 1177 673 1258 τρῖ
687 1170 917 1253 τετελευτηκότι,
941 1177 1102 1260 εἰσποιητῷ
1116 1175 1161 1247 εἰς’

57 1272 97 1340 τό
111 1272 259 1356 ἡμέτερον
274 1270 361 1353 γένος
376 1266 449 1348 όντι,
463 1269 590 1352 ποεητόν
606 1275 649 1348 εἰς
662 1271 720 1338 τόν
731 1280 846 1356 κλῆρον
863 1277 1039 1356 εἰσαγαγεῖν,
1055 1271 1157 1356 όόσπερ

58 1376 113 1440 ἐπί
132 1372 172 1437 τοὶ
192 1378 307 1436 σαυτοῦ
323 1368 454 1452 κτήματα
466 1375 518 1437 καί
542 1367 597 1439 ούκ
611 1378 653 1448 είς
672 1371 709 1438 τοί
730 1373 806 1439 κατά
826 1371 879 1440 τόν
900 1372 996 1456 νόμον
1008 1382 1052 1463 τῷ
1062 1392 1157 1458 προσ-

54 1473 169 1556 ήκοντι
189 1470 382 1554 δοθησόμενα
403 1476 542 1555 βαδίζων.
577 1473 665 1557 ἡμεῖς
685 1469 735 1555 δ’,
766 1467 920 1560 ιόάνδρες
941 1480 1096 1555 δικασταί,
1129 1480 1159 1542 εἰ

56 1576 115 1659 μὲν
145 1572 163 1638 ό
192 1573 403 1656 τετελευτηκός
429 1570 592 1656 ἐποιήσατό
622 1602 707 1653 τινα,
735 1583 842 1663 καίπερ
872 1574 909 1644 ού
938 1577 1076 1654 διδόντος
1097 1584 1156 1647 τοῦ
1169 1584 1207 1643 2⁵

60 1672 177 1758 νόμον,
210 1683 438 1757 συνεχωροῦμεν
468 1672 507 1741 ἂν
537 1669 634 1764 αύτῷ,
657 1673 695 1758 ἢ,
718 1682 746 1743 εἰ
765 1679 917 1761 διαθήκας
938 1684 1155 1758 καταλελοίπει,

60 1779 112 1843 ιιοιλ
132 1772 256 1850 ταύταις
276 1773 316 1858 &iv
337 1778 540 1860 ἐνεμείναμεν,
563 1779 627 1842 ἐπεί
649 1781 702 1842 καί
714 1777 747 1844 τό
770 1782 800 1857 ἐξ
822 1778 915 1866 ἀρχῆς
925 1790 1060 1853 τοιοῦτοι
1072 1779 1157 1858 όντες

60 1882 267 1959 διετελοῦμεν,
297 1870 355 1965 ούκ
384 1876 607 1961 ἐναντιούμενοι
631 1878 755 1956 ,τούτοις
776 1885 877 1964 έχουσι
898 1881 953 1964 τὴν
976 1880 1085 1949 οὐσίαν
1104 1886 1158 1947 καλ

61 1979 236 2098 ἰπᾳνιοιῖσιγ
256 1973 339 2101 α’νοι,
361 1977 436 2043 καθ’
460 1978 497 2044 δν
519 1975 632 2060 δήποτε
652 1979 959 2064 τρόπονέβούλοντο·
983 1985 1092 2050 ἐπελδί
1105 2009 1157 2048 υυι
1170 1984 1268 2054 1100

64 2081 94 2163 τί
112 2104 188 2144 ποτε
201 2075 265 2143 ύπό
288 2077 401 2146 τούτων
415 2074 515 2151 αύτιῖν
536 2076 664 2145 καλύπό
686 2089 746 2146 τοῖν
768 2082 873 2165 νόμιον
895 2081 929 2151 τό
945 2091 1049 2168 πράγμ
1056 2080 1158 2160 ’ἐξελ

25 2198 28 2203 ’
65 2176 223 2304 ηλεγκται,
251 2184 305 2246 καλ
334 2180 463 2306 οἰόμεθα
492 2187 554 2248 δεῖν
583 2188 792 2264 κληρονομεῖν
809 2192 868 2249 τοῖν
899 2182 1085 2308 Ἀρχιάδου,
1106 2189 1159 2253 καλ

54 2277 136 2405 ,παρ’
152 2280 240 2365 ημῶν
259 2281 388 2349 εἰναι
356 2310 410 2349 τον
432 2281 502 2349 υίδν
522 2279 576 2348 τόν
597 2283 830 2368 εἰσποιούμενον
849 2294 893 2375 τῷ
904 2314 945 2369 μη
963 2289 1191 2370 πεποιημένας

66 2383 236 2469 πρότερον,
253 2411 293 2508 μη
317 2383 400 2468 παρά
422 2384 548 2452 τούτοιν.
578 2387 702 2460 δικαίως
722 2383 780 2470 γάρ
810 2353 1035 2470 όνόμοθέτης,
1057 2385 1174 2472 οἶμαι,-

10 2512 12 2523 ·
67 2482 165 2568 ιισπερ
188 2483 293 2550 καί
260 2511 313 2560 τας
334 2483 455 2570 άτυχίας
475 2495 536 2553 τοῖν
559 2488 681 2551 οἰκείων
702 2483 818 2560 κοίτας
831 2486 961 2563 ἐκδόσεις
979 2496 1040 2554 τοῖν
1054 2516 1159 2573 γυναι-

10 2648 12 2671 ,
52 2590 128 2652 ἰιιῖν
149 2595 222 2665 τοῖς
236 2585 378 2670 ἐγγύτατα
398 2588 506 2672 γένους
527 2589 706 2671 προσέταττε
728 2595 900 2666 ποιεῖσθαι,
925 2586 1003 2654 οὕτω
1026 2593 1079 2655 καλ
1102 2590 1160 2666 τοῖς
1220 2598 1232 2615 λ’

66 2691 267 2772 κληρονομίας
286 2689 338 2752 καλ
358 2686 421 2772 τὴν,
435 2692 495 2753 τοῖν
524 2684 651 2772 άγαθαῖν
679 2691 841 2767 μετουσίαν
871 2699 945 2765 τοῖςἹ
963 2684 1067 2766 αύτοῖς
1087 2689 1157 2757 άπέ-
1175 2709 1210 2762 10

66 2795 148 2859 onze.
177 2786 212 2854 τό
228 2788 260 2853 δὲ
280 2785 404 2852 πάντων
418 2790 558 2872 μέγιστον
572 2791 625 2853 καλ
640 2785 872 2910 γνωριμώτατον
883 2785 971 2869 ύμῖν·
993 2786 1012 2854 ό
1027 2789 1084 2874 γάρ
1103 2800 1162 2856 τοιῖ
1178 2821 1180 2825 ’

67 2890 208 2977 Σόλωνος
227 2886 323 2971 νόμος
340 2883 412 2953 ούδέ
432 2891 596 2954 διαθέσθαι
617 2884 670 2951 τόν
691 2886 819 2970 ποιητὸν
842 2886 931 2974 ἐιγῖ
897 2916 934 2953 τα
957 2892 990 2954 ἐν
1011 2916 1052 2976 τηε
1075 2888 1202 2977 οίκςο,

67 2994 138 3062 όταν
155 2997 290 3083 ποιηθῇ
312 2986 452 3068 εἰκότως,
476 2970 572 3112 οἰμαι
594 2996 638 3076 τρῖ
657 2985 716 3112 γάρ
736 2986 814 3052 κατά
834 2987 888 3055 τόν
909 2987 1004 3072 νόμον
1027 2954 1191 3076 έίσποιη·
1253 3026 1255 3031 ·

65 3100 149 3165 δίντι
178 3096 221 3169 εἰς
240 3118 277 3155 τα
267 3089 402 3172 ἐτέρου
433 3086 487 3174 οόχ
509 3116 622 3168 ουτως,
646 3084 686 3164 ιός
706 3093 775 3174 περλ
795 3098 855 3155 τοῖν
880 3095 967 3157 ἰδίειν
988 3092 1158 3175 κτημάτων,

44 3210 47 3215 ’
65 3197 241 3283 βτνλευτίον
262 3195 350 3314 ἐστὶν,
373 3186 448 3257 άλλδ
461 3202 527 3269 τοῖς
538 3190 643 3277 νόμοις
660 3186 855 3314 άκολούθας,
878 3219 946 3278 περι
936 3192 1138 3261 ἑκάστου
1096 3223 1157 3262 των
1173 3210 1207 3266 15
1307 3248 1310 3255 -

66 3283 292 3422 γεγραμμένων
304 3291 344 3371 ὦς
373 3291 391 3359 ό
420 3293 514 3376 νόμος
542 3296 638 3419 λέγει.
641 3286 739 3359 Ὅσοι
765 3320 805 3375 μη
827 3287 1022 3377 ἐπεποίηντο,
1045 3299 1158 3380 φησιν,

66 3399 110 3471 ἰτε
138 3399 250 3468 Σόλων
279 3393 375 3484 είσηει
407 3400 450 3472 εἰς
477 3421 535 3476 την
565 3391 679 3480 άρχην,
708 3398 829 3471 ἐξεῖναι
839 3391 948 3517 αότοῖς
976 3402 1184 3480 διαθέσθαι,

59 3500 148 3582 ,όπως
168 3499 209 3567 ελν
231 3501 375 3565 ἐθέλωσι·
404 3507 469 3574 τοῖς
497 3498 530 3563 δέ
549 3522 584 3581 γε
611 3504 793 3578 ποιηθεῖσιν
812 3493 869 3561 οὐκ
890 3497 935 3572 ἐξ
922 3523 957 3562 ον
980 3502 1179 3580 διαθέσθαι,

10 3671 12 3683 ,
68 3603 144 3673 duo}
164 3610 292 3683 ζυντας·
309 3596 558 3686 ἐγκαταλιπόντας
585 3596 654 3664 υίόν
676 3592 804 3682 γνησιον
825 3598 1040 3719 ἐπανιέγαι,“
1018 3624 1038 3682 η
1059 3609 1157 3667 τελευ·
1174 3628 1210 3680 20

10 3772 13 3796 P
68 3707 212 3792 νήσαντες
241 3699 423 3769 ἀποδιδόναι
452 3727 507 3784 την
535 3700 742 3787 κληρονομίαν
770 3706 834 3777 τοῖς
863 3693 939 3779 ίξ’
920 3709 1015 3791 αρχῆς
1036 3707 1161 3827 οἰκείοις

69 3800 136 3875 κύσε
154 3814 213 3876 τσιῖ
233 3807 450 3890 ποιησαμένου.
1270 3800 1275 3807 ’

10 4264 23 4334 ί
103 4277 236 4369 paduan
259 4277 336 4350 m
349 4299 389 4349 ιι.
446 4264 462 4285 ‘'
