2700 4724
208 229 272 295 aee
315 206 578 277 enarrarre
606 202 665 265 so
687 190 893 257 seneen
913 188 965 249 in
986 144 1247 252 nruosrn.

212 596 349 677 corporis
366 585 548 665 congenitae.
568 610 612 623 -

297 692 426 755 Scholiis
442 686 526 745 hisce
548 701 585 740 ex
602 678 778 753 Augustam
805 680 835 729 et
856 670 1011 732 Bararico
1036 671 1134 731 libro
1157 661 1296 751 petitine

211 800 300 881 junxi
319 812 420 875 pauca
443 784 608 866 quaedam,
638 796 714 855 quae
735 773 846 833 Aldina
871 797 889 833 a
906 770 1079 851 Lessingio
1105 773 1149 833 V.
1169 774 1203 831 G.
1221 787 1296 829 maen

213 895 433 960 communicata
462 881 678 965 suppeditavit.¹
734 877 827 935 Nolui
853 877 906 935 illa
936 868 1047 934 inter'
1068 894 1108 965 ae
1139 872 1296 935 commutat
1322 904 1331 915 ·

213 1001 348 1061 Stultum
363 1003 394 1053 et
411 989 536 1050 noxium
554 992 599 1042 est
620 974 721 1039 onmia
739 978 871 1036 omnium
890 974 1014 1036 scholia
1034 978 1075 1035 in
1103 996 1204 1037 unum
1219 975 1297 1034 amu

215 1099 381 1179 conjicere,
408 1101 445 1150 ut
463 1091 578 1148 factum
599 1092 645 1141 est
663 1082 697 1139 in
715 1078 915 1158 Aristophane
939 1088 972 1138 et
994 1077 1189 1140 Tbeocrito
1211 1071 1299 1149 singu

215 1199 402 1277 singidonum
416 1209 541 1250 seorsim
553 1182 693 1265 ponenda
705 1189 791 1269 sunt,
813 1199 874 1257 quo
884 1179 999 1239 melius
1018 1191 1054 1240 et
1074 1174 1299 1251 auetonsd'guc·

216 1309 355 1372 scantur,
377 1303 409 1355 et
431 1288 543 1350 certius
560 1285 709 1365 judicium
725 1282 762 1341 de
783 1282 928 1359 cujusque
951 1283 1069 1360 pretio
1089 1284 1295 1355 feratmmu

216 1404 273 1463 ssssi
285 1402 352 1479 ipsa
366 1391 481 1453 scholia
492 1396 670 1469 repugnent
713 1384 878 1461 Augautani
891 1378 1017 1441 scholia
1037 1383 1106 1443 ubi
1130 1373 1298 1454 cummeneo

216 1499 416 1569 conveniunt,
447 1489 577 1570 apposui
598 1506 738 1545 numeros
758 1485 936 1565 paginarum
959 1492 995 1541 et
1017 1502 1181 1545 versuum
1204 1474 1297 1543 aditi&

215 1600 423 1670 Morellianae,
445 1591 500 1649 sed
512 1588 560 1647 his
581 1588 665 1646 uncis
681 1584 715 1667 ()
731 1588 879 1645 inclusos:
901 1582 1020 1662 quibus
1035 1594 1156 1645 autern
1166 1582 1235 1645 haee
1248 1581 1296 1655 tit!

216 1722 288 1763 cum
300 1691 434 1759 numeris
447 1691 600 1769 adscripta
614 1710 678 1749 raon
691 1699 775 1763 susat,
798 1709 833 1748 ea
847 1684 961 1747 scholia
981 1686 1092 1763 vulgo
1109 1704 1179 1747 non
1192 1688 1296 1767 prostat

215 1803 336 1879 htegra
360 1796 455 1855 malui
474 1792 547 1851 dare
567 1790 683 1850 scholia
710 1789 867 1867 utriusque
887 1786 1028 1863 codicia,
1060 1810 1167 1867 quam
1184 1786 1296 1847 rarioffl

212 1903 352 1967 lectionis
372 1894 562 1959 solummodo
582 1902 719 1967 eiectare,
747 1890 864 1951 duabus
885 1890 923 1949 de
945 1890 1069 1951 causis:
1106 1897 1146 1964 1)
1172 1886 1247 1969 quod
1261 1890 1296 1941 Μ

216 2006 365 2087 explicate
385 1997 507 2060 reddita
526 2016 588 2055 non
608 1994 706 2053 multo
724 1993 793 2071 plus
813 1992 997 2051 ridebantur
1018 1991 1208 2053 chartarum
1219 1988 1297 2049 eim

216 2120 295 2183 tura,
312 2116 402 2185 atque
415 2097 545 2158 varietas
560 2097 700 2155 lectionis
713 2096 777 2153 sola
789 2093 973 2173 implevisset
981 2115 993 2169 3
1018 2092 1057 2172 2)
1074 2095 1170 2175 quod
1180 2086 1297 2175 praevide

214 2211 288 2269 bam
301 2206 413 2266 multos
430 2200 512 2273 fore,
534 2198 643 2277 quibus
657 2198 721 2255 sola
732 2197 808 2255 haec
822 2197 862 2254 ad
875 2214 999 2254 uranum
1013 2207 1106 2256 esset
1117 2198 1297 2257 faurama·

216 2304 424 2370 Demosthenis
446 2300 554 2373 editio;
592 2299 701 2377 quibus
720 2298 820 2357 nudus
841 2297 1026 2356 variantium
1045 2298 1155 2359 index
1172 2296 1240 2357 auiti
1255 2284 1298 2349 uti

217 2420 283 2471 erat
303 2408 436 2464 tuturus.
473 2400 500 2456 0
522 2410 666 2476 quantum
686 2399 759 2457 mihi
779 2399 869 2477 periit
887 2399 961 2457 boni
981 2399 1042 2457 otii
1057 2402 1101 2459 in
1122 2388 1299 2461 illaudati

218 2527 307 2587 saepe
330 2522 413 2562 caasa
433 2518 511 2558 nuce
530 2520 594 2558 non
616 2499 730 2576 dignis,
760 2499 961 2559 exscribendis
983 2508 1016 2557 et
1038 2500 1216 2578 digerendis
1229 2504 1254 2555 et
1268 2488 1300 2549 d

215 2610 338 2692 paginas
351 2621 516 2680 versusque
528 2613 708 2680 nostraeque
725 2603 863 2662 editionis
876 2614 966 2681 atque
979 2600 1153 2665 Parisinae
1173 2592 1297 2678 altitude

216 2710 301 2791 quod
316 2706 411 2767 otium
426 2703 456 2760 in
470 2703 598 2761 lectione
612 2715 643 2762 et
654 2704 846 2764 meditatione
859 2714 1019 2763 auctorum
1033 2703 1148 2777 bonae
1161 2706 1300 2767 neaerae

216 2834 286 2873 rum
309 2806 571 2883 recentiorumque
590 2806 686 2865 multo
709 2809 817 2888 majori
841 2828 910 2866 eum
934 2805 1044 2864 fructu
1072 2814 1109 2865 e't
1140 2800 1299 2868 deleehiitttt

216 2914 309 2974 animi
321 2918 441 2991 poterat
453 2908 606 2966 collocari.
640 2909 700 2967 Sed
715 2910 871 2982 debemus,
900 2917 1056 2986 quotquot
1070 2928 1186 2969 sumus
1202 2906 1299 2967 etima

215 3024 352 3072 veterum
371 3020 543 3083 auctorum,
572 3010 737 3069 lectoribus
755 3010 833 3070 hanc
849 3010 1059 3092 λειτουργίαν,
1091 3021 1135 3071 ut
1152 3000 1300 3091 ipsorum'!

216 3115 342 3191 gratiam
354 3113 464 3170 nndtas
477 3130 658 3190 nragnasque
670 3121 700 3170 et
712 3111 889 3190 peracerbas
905 3111 1090 3169 devoremus
1107 3110 1301 3181 molestiam(

215 3216 386 3273 baiulorum
400 3223 585 3291 praestemus
599 3216 713 3287 ricem,
731 3214 849 3291 negotio
860 3222 965 3271 nostro
977 3213 1127 3290 ipsorum
1144 3202 1302 3273 otiumroffi'·

215 3324 339 3395 mentes.
373 3314 453 3372 Bene
475 3324 564 3373 norat
579 3314 704 3374 Wolfius
717 3315 808 3373 huus
827 3335 936 3394 operae
955 3315 1111 3391 taedium,
1141 3318 1302 3395 quaproptfl

216 3416 305 3475 ctiam
319 3410 433 3473 scholia
444 3415 497 3473 illa
510 3417 556 3475 sic
573 3426 684 3476 temere
698 3420 842 3498 projecit,
863 3416 955 3475 nullis
969 3414 1083 3474 additis
1099 3418 1251 3489 numeria,
1267 3426 1302 3489 {⁸

215 3518 302 3577 aedes
315 3516 608 3581 eorumindiearent.
653 3520 709 3577 Cui
728 3519 900 3592 socordiae,
928 3517 1111 3596 patientiam
1134 3526 1302 3599 posterni·

213 3641 272 3703 pro
291 3619 425 3680 ludibrio
444 3617 582 3693 habenti,
620 3640 710 3699 quam
734 3640 821 3699 saepe
843 3617 1047 3679 stomachatus
1069 3630 1104 3679 et
1121 3624 1214 3682 'mala
1232 3616 1302 3681 madh

213 3724 395 3803 imprecatus
414 3721 484 3794 sim,
506 3720 588 3780 haud
597 3721 684 3800 jurat
701 3742 941 3784 commemorare.
963 3721 1130 3799 Superest,
1146 3734 1186 3784 ut
1199 3724 1303 3783 leem

213 3822 276 3903 his,
299 3826 325 3885 si
344 3833 524 3904 quaesunt,
554 3824 662 3883 sudore
674 3845 743 3883 meo
756 3824 853 3904 partis
862 3825 949 3909 bonis
961 3832 1107 3897 utantur,
1139 3844 1238 3905 eaque
1252 3834 1304 3879 a!

213 3929 341 4006 vulgatis
358 3927 520 3987 conserant.
556 3926 632 3985 Nam
644 3948 659 3983 a
673 3948 721 3985 me
735 3927 859 4005 quidem
878 3924 938 3985 hoe
952 3927 985 3984 in
1001 3945 1114 4002 genere
1127 3928 1227 3987 nolisa
1238 3920 1305 4005 quit·

211 4046 301 4104 quam
314 4030 385 4108 plus
401 4028 575 4117 exspectari.
614 4028 728 4107 Scripsi
740 4028 857 4108 Lipsiae
879 4028 909 4087 d.
928 4032 977 4094 18.
999 4026 1077 4105 Aug.
1095 4034 1198 4096 1770.

605 4200 925 4233 ...ωτι-ψ...-
