2700 4724
130 202 193 264 460
541 186 813 250 PRAEFATIO

605 312 614 340 Ι

130 366 207 426 lioro
222 372 337 438 essent,
359 369 430 420 sunt
444 357 521 417 enim
535 379 630 438 paene
645 356 769 427 eedem,
790 352 844 414 sed
857 370 922 431 quo
940 348 1089 413 editioni
1103 372 1224 416 mereto

130 468 233 525 sitatis
251 464 376 543 glutiam
390 464 520 540 aliquem
537 461 693 531 afferrent,
715 477 809 534 eoque
821 453 1076 515 vendibiliorcm
1093 438 1225 518 redderul

133 579 165 628 ct
188 567 299 626 criticis
321 564 542 645 quodammodo
564 559 774 630 necessarium,
801 569 867 616 tum
885 565 925 615 ut
940 557 1083 634 vulgatu
1097 558 1225 618 lectiotl

132 671 215 752 pieni
234 689 302 727 cum
323 667 382 725 hec
405 685 483 723 nora
497 672 599 741 posse-t
623 660 755 720 conferri
777 669 808 717 ct
825 657 909 716 houd
930 678 1014 717 raro
1047 658 1225 737 quoquelu'u

135 770 298 831 emendari.
334 765 522 824 Scholiorum
536 766 777 841 Augustanorum
790 769 909 841 partem
925 760 989 818 vix
1007 759 1141 819 tertium
1152 761 1227 821 Hiero·

133 893 241 951 nymus
260 868 387 945 ¹Wolfius
411 864 560 936 ediderat,
581 872 699 961 cts'cmn'
719 863 842 941 quidem
857 881 984 939 ‚perum
1005 860 1155 922 fideliter.
1188 863 1226 941 lp

135 973 224 1052 plena
239 981 269 1030 et
280 971 361 1028 bona
376 967 434 1025 lide
450 965 579 1040 reddidi,
603 965 706 1045 quoad
720 965 780 1042 legi
794 971 951 1042 poterant.
1001 964 1116 1023 Mults
1127 964 1227 1025 enneli·

135 1071 267 1149 bliopegi
279 1070 418 1129 cultellus
432 1068 606 1140 abstulerat,
618 1067 714 1126 multe
723 1075 882 1137 vetustate,
896 1064 1006 1140 fumo,
1022 1068 1163 1141 sor-dih,
1173 1085 1227 1125 cor·

135 1172 211 1233 tritu
229 1171 393 1247 digitorum
406 1169 564 1229 obliterata
578 1176 672 1229 erant
715 1166 818 1229 Simon
837 1157 1007 1227 Fabricius
1036 1165 1223 1249 optimlisde

84 1338 89 1351 ,
137 1271 260 1331 scholiis
279 1262 404 1329 meritus
424 1280 485 1343 est,
511 1269 603 1327 homo
620 1269 692 1326 alias
706 1267 740 1326 iu
754 1268 848 1327 literis
863 1269 1052 1329 obscurus:
1075 1271 1217 1329 docturu-

137 1395 207 1433 men
221 1392 289 1431 cum
305 1382 335 1430 ct
351 1371 535 1430 industrium
547 1370 641 1429 fuisse
655 1378 783 1428 testetur
796 1390 890 1449 opere
903 1371 948 1429 ab
964 1392 1007 1430 eo
1024 1370 1081 1431 his
1094 1373 1127 1431 in
1140 1367 1224 1431 selulb

139 1494 156 1533 e
172 1473 351 1532 membranis
364 1472 546 1550 Augustanis
560 1471 763 1530 exscribendis
776 1481 893 1530 navate.
944 1472 1018 1546 Qui
1035 1474 1100 1533 nisi
1111 1468 1226 1533 riensi-

54 1584 60 1601 '
138 1575 171 1635 hi
186 1576 437 1647 communitisset,
461 1582 492 1631 et
506 1572 685 1650 compendio
699 1573 916 1633 vocabulorum
928 1618 940 1649 ,
968 1576 1096 1654 quibus
1107 1575 1155 1633 ills
1166 1569 1227 1631 edre

139 1679 181 1736 lie
192 1685 315 1735 exarata
328 1684 429 1748 erant,
450 1694 498 1732 me
513 1674 680 1749 docuisset,
702 1677 819 1734 tametsi
828 1675 862 1734 in
874 1674 1077 1753 quibusdem
1091 1678 1184 1756 lapsus
1193 1680 1226 1745 ul

139 1798 293 1856 nunquam
310 1796 364 1851 ego
381 1795 472 1834 susus
487 1795 580 1834 essem
596 1797 632 1834 ea
648 1776 822 1837 exscribere.
857 1776 928 1834 Non
942 1777 1100 1839 Fabricio
1113 1779 1227 1858 impul!-

120 1880 200 1940 ¹dae
227 1888 297 1936 sunt
315 1887 377 1935 tem
397 1878 519 1936 crebrae
546 1887 577 1936 et
599 1885 662 1934 tum
681 1879 837 1959 abnormes
856 1875 1156 1962 παραδωρθῶσεις,
1179 1892 1226 1955 qu

138 1981 316 2055 Wolfienum
337 1978 446 2062 hortun
470 1977 654 2037 scholiorum
679 1979 839 2038 editionem
862 1979 1090 2057 dedecorent,
1125 1972 1227 2057 rediri

73 2114 77 2121 ,
139 2083 265 2157 Wolfio,
288 2074 355 2160 bui,
377 2100 460 2158 quse
467 2082 566 2140 minus
580 2080 779 2158 intelligeret,
798 2082 899 2143 statim
913 2083 1083 2143 arbitratu
1094 2100 1150 2141 suo
1162 2084 1227 2139 nuh·

141 2187 203 2259 vit,
230 2185 410 2264 plerumque
426 2181 458 2241 in
475 2182 580 2260 peius,
611 2181 707 2241 autin
725 2184 826 2241 locum
846 2202 973 2257 eorum,
1006 2204 1096 2264 quse
1109 2178 1228 2241 titud·

141 2288 240 2364 legero
268 2284 439 2362 nequisset,
472 2293 641 2343 commenta
661 2304 714 2343 sua
737 2284 865 2347 suffecit
906 2283 1024 2363 Neque
1052 2293 1168 2363 egomet
1184 2283 1227 2359 il!

142 2387 291 2445 etlirmare
306 2383 419 2455 ausim,
440 2403 489 2439 me
501 2401 588 2439 verns
602 2384 715 2442 codicis
727 2373 812 2462 Augs
821 2385 973 2444 lectiones
986 2386 1114 2465 ubique
1125 2386 1229 2445 loom

144 2496 198 2547 aut
214 2493 383 2543 assecutum
405 2500 484 2552 esso,
514 2490 567 2539 aut
586 2482 764 2543 reddidisse.
800 2485 900 2544 facile
916 2482 993 2560 fiat,
1023 2498 1062 2547 et
1081 2497 1228 2557 venemo

2 2572 8 2583 ἱ
53 2656 61 2669 Ι
143 2586 415 2649 nourarofsctum
431 2582 487 2655 sit,
509 2592 546 2640 ut
566 2605 621 2661 ego
641 2605 780 2665 quoque,
804 2587 857 2664 qui
872 2585 921 2644 die
940 2580 1223 2655 7.Junii1m.illt

144 2689 259 2750 scholio
274 2684 444 2746 exscribere
459 2686 619 2763 coeperim,
641 2695 671 2744 et
687 2687 718 2746 d.
735 2692 784 2752 11.
798 2687 867 2745 Julii
882 2685 1025 2751 eiusdem
1042 2691 1120 2749 anni
1129 2688 1227 2749 utrm

142 2791 226 2851 huuc
251 2787 445 2860 absolverim,
476 2796 524 2859 et,
554 2787 682 2847 obrutus
703 2799 793 2867 atque
815 2788 974 2848 districtus
1002 2768 1140 2853 aliormri
1157 2802 1228 2849 reru!

93 2884 111 2945 ζ
143 2891 323 2972 agendarum
335 2888 539 2963 multitudiue,
551 2890 612 2947 otio
627 2890 787 2948 destitutus
804 2891 912 2950 fuerim
927 2893 1230 2973 apographumntfl

143 3014 215 3053 cum
229 2992 409 3052 membranis
425 2991 498 3070 ipsis
512 3010 620 3051 rursus
634 2993 844 3071 comparendi,
868 3013 944 3070 quse
959 2976 1230 3057 membranarum

142 3096 234 3173 paulo
247 3094 368 3173 posted
383 3092 518 3152 dominos
531 3093 672 3152 remissae
685 3104 764 3168 sunt,
780 3094 918 3172 suspicor
932 3095 1043 3170 igitur,
1062 3099 1177 3157 fectum
1187 3105 1230 3151 snt
1259 3086 1261 3159 ff

142 3200 252 3272 passim
268 3196 414 3266 locorum,
429 3202 461 3252 ut
474 3197 671 3271 peccaverim,
685 3206 748 3252 non
760 3195 902 3253 meditate
917 3203 949 3252 et
956 3195 1044 3257 lente
1058 3178 1130 3259 rcrn
1141 3209 1230 3276 gemb

94 3351 98 3357 ,
143 3295 198 3352 sed
218 3296 478 3353 festinorrs'labore
496 3294 635 3371 defungi,
665 3297 832 3355 necessario
854 3296 979 3374 quidem
995 3299 1075 3375 illo,
1104 3300 1160 3359 sed
1175 3292 1233 3373 ieje

143 3394 243 3453 cundo
261 3406 292 3454 et
305 3417 399 3473 ‚quem
414 3396 510 3455 invito
525 3395 661 3454 Minerva
683 3399 852 3457 tolerarem.
891 3395 985 3469 Quod
1005 3400 1033 3458 si
1057 3422 1135 3479 ergo
1151 3392 1233 3475 hocin

145 3516 251 3572 genere
265 3517 319 3573 ego
337 3517 456 3575 quoque
472 3497 595 3569 humaui
613 3499 688 3576 quid
706 3519 812 3578 passus
827 3499 930 3571 fuero,
959 3507 997 3557 ut
1017 3500 1097 3561 fidei
1118 3499 1252 3585 publicet.

143 3599 346 3678 imponerem,
370 3600 477 3676 culpae
496 3601 613 3658 veniam
635 3620 689 3676 rog
691 3622 708 3657 o
730 3601 766 3656 ab
788 3599 882 3659 insito
903 3606 934 3656 et
951 3599 1155 3678 imprudente
1173 3616 1233 3661 ceu·

144 3700 260 3758 missae
298 3701 423 3757 Discunt
436 3699 523 3774 hinc,
554 3721 607 3779 qur
599 3699 809 3760 bibliothecis
830 3709 991 3777 praesunt,
1025 3722 1064 3761 ex
1093 3725 1150 3780 eo,
1175 3672 1241 3781 quud¹

93 3856 97 3862 .
144 3801 266 3859 codices
284 3820 353 3858 suos
369 3799 441 3857 viris
464 3800 561 3858 doctis
574 3803 766 3881 usurpandos
785 3801 872 3876 dent,
893 3801 992 3879 pretio
1017 3805 1162 3864 codicum
1179 3795 1236 3861 m'ld

133 3899 300 3979 decedere.
344 3892 422 3961 tien·
438 3904 560 3978 nequit,
589 3913 626 3963 ut
645 3921 725 3963 unus
745 3901 855 3977 homo,
889 3905 1072 3981 praesertim
1096 3907 1235 3970 festinan,

143 4003 245 4060 omnia
265 4010 368 4063 cernet
392 4011 424 4062 et
447 4012 558 4062 enatet,
579 3998 799 4079 Posteriores,
835 4005 957 4063 eosdem
982 4003 1016 4063 in
1038 4007 1163 4067 codices
1184 4017 1237 4063 cun

143 4099 301 4176 incidunt,
328 4096 623 4184 plure‘psuciorsve
647 4106 847 4164 observante
868 4105 1034 4186 majoribus
1055 4103 1237 4187 praeteriise

144 4200 239 4282 Saepe
272 4223 391 4287 quoque
412 4187 498 4270 locus
528 4206 723 4271 dubitationis
742 4207 865 4289 incidit,
898 4216 969 4272 utor
995 4229 1108 4273 verum
1128 4204 1238 4273 rident,
